@article{IntelligenceMiles2018,
author = {Miles, Robert},
journal = YouTube,
month = jan,
year = 2018,
title = "{The Orthogonality Thesis, Intelligence, and Stupidity}"
}

@article{OrthoginalityThesisBostrom2012,
author = {Bostrom, Nick},
journal = {Minds and Machines},
year = 2012,
title = "{The Superintelligent Will: motivation and instrumental rationality in advanced artificial agents}"
}


@article{InstrumentalConvergenceMiles2018,
author = {Miles, Robert},
journal = YouTube,
month = mar,
year = 2018,
title = "{Why Would AI Want to do Bad Things? Instrumental Convergence}"
}
