@article{shannon51,
    author = {Shannon, C. E.},
    journal = {Bell System Technical Journal},
    month = jan,
    pages = {50--64},
    title = {Prediction and Entropy of Printed English},
    volume = 30,
    year = 1951
}